

@Article{moyer1967,
  author       = {Moyer, Robert S. and Landauer, Thomas K.},
  title	       = {Time required for Judgements of Numerical Inequality},
  year	       = 1967,
  volume       = 215,
  number       = 5109,
  month	       = {Sep},
  pages	       = {1519–1520},
  issn	       = {1476-4687},
  doi	       = {10.1038/2151519a0},
  url	       = {http://dx.doi.org/10.1038/2151519a0},
  journal      = {Nature},
  publisher    = {Springer Nature}
}



@Article{nuerk2001,
  author       = {Nuerk, Hans-Christoph and Weger, Ulrich and Willmes,
                  Klaus},
  title	       = {Decade breaks in the mental number line? Putting the
                  tens and units back in different bins},
  year	       = 2001,
  volume       = 82,
  number       = 1,
  month	       = {Nov},
  pages	       = {B25–B33},
  issn	       = {0010-0277},
  doi	       = {10.1016/s0010-0277(01)00142-1},
  url	       = {http://dx.doi.org/10.1016/s0010-0277(01)00142-1},
  journal      = {Cognition},
  publisher    = {Elsevier BV}
}


@article{vergutsDeMoor2005,
	doi = {10.1027/1618-3169.52.3.195},
	url = {http://dx.doi.org/10.1027/1618-3169.52.3.195},
	year = 2005,
	publisher = {Hogrefe {\&} Huber},
	volume = {52},
	number = {3},
	pages = {195--200},
	author = {Verguts, Tom and De Moor, Wendy},
	title = {Two-digit Comparison: {D}ecomposed, holistic, or hybrid?},
	journal = {Experimental {P}sychology}
}

@article{lorch1990,
	doi = {10.1037/0278-7393.16.1.149},
	year = 1990,
	publisher = {American Psychological Association ({APA})},
	volume = {16},
	number = {1},
	pages = {149--157},
	author = {Robert F. Lorch and Jerome L. Myers},
	title = {Regression analyses of repeated measures data in cognitive research.}
}

@Article{wagenmakers2010,
  author       = {Wagenmakers, Eric-Jan and Lodewyckx, Tom and
                  Kuriyal, Himanshu and Grasman, Raoul},
  title	       = {Bayesian hypothesis testing for psychologists: A
                  tutorial on the {S}avage–{D}ickey method},
  year	       = 2010,
  volume       = 60,
  number       = 3,
  month	       = {May},
  pages	       = {158--189},
  issn	       = {0010-0285},
  doi	       = {10.1016/j.cogpsych.2009.12.001},
  url	       = {http://dx.doi.org/10.1016/j.cogpsych.2009.12.001},
  journal      = {Cognitive Psychology},
  publisher    = {Elsevier BV}
}

@article{campbellFugelsang2001,
	doi = {10.1016/s0010-0277(01)00115-9},
	url = {https://doi.org/10.1016/s0010-0277(01)00115-9},
	year = 2001,
	publisher = {Elsevier {BV}},
	volume = {80},
	number = {3},
	pages = {B21--B30},
	author = {Jamie I. D. Campbell and Jonathan Fugelsang},
	title = {Strategy choice for arithmetic verification: {E}ffects of numerical surface form},
	journal = {Cognition}
}

@article{wagenmakers2007,
	doi = {10.3758/bf03194105},
	year = 2007,
	publisher = {Springer Nature},
	volume = {14},
	number = {5},
	pages = {779--804},
	author = {Eric-Jan Wagenmakers},
	title = {A practical solution to the pervasive problems of $p$ values},
	journal = {Psychonomic {B}ulletin {\&} {R}eview}
}

@Article{kass1995,
  author       = {Kass, Robert E. and Raftery, Adrian E.},
  title	       = {Bayes Factors},
  year	       = 1995,
  volume       = 90,
  number       = 430,
  month	       = {Jun},
  pages	       = {773--795},
  issn	       = {1537-274X},
  doi	       = {10.1080/01621459.1995.10476572},
  url	       = {http://dx.doi.org/10.1080/01621459.1995.10476572},
  journal      = {Journal of the American Statistical Association},
  publisher    = {Informa UK Limited}
}

@book{jeffreys1961,
  title={The {T}heory of {P}robability (3rd ed.)},
  author={Jeffreys, Harold},
  year={1961},
  address={Oxford, UK},
  publisher={Oxford University Press}
}

@article{hollowayAnsari2009,
author	=	{Holloway, I. D. and Ansari, D.},
year	=	{2009},
title	=	{Mapping numerical magnitudes onto symbols: The numerical distance effect and individual differences in childrenÕs mathematics achievement},
journal	=	{Journal of Experimental Child Psychology},
volume	=	{103},
number	=	{1},
pages	=	{17--29},
doi	=	{10.1016/j.jecp.2008.04.001},
url={http://dx.doi.org/10.1016/j.jecp.2008.04.001}
}






