@article{wagenmakers2010bayesian,
	Author = {Wagenmakers, E.--J. and Lodewyckx, T. and Kuriyal, H. and Grasman, R.},
	Journal = {Cognitive Psychology},
	Pages = {158--189},
	Title = {{B}ayesian Hypothesis Testing for Psychologists: {A} Tutorial on the {S}avage--{D}ickey Method},
	Volume = {60},
	Year = {2010},
	doi = {10.1016/j.cogpsych.2009.12.001}
}


@article{verhagen14bayesian,
  title={Bayesian tests to quantify the result of a replication attempt.},
  author={Verhagen, A. J. and Wagenmakers, Eric-Jan},
  journal={Journal of Experimental Psychology: General},
  volume={143},
  number={4},
  pages={1457--1475},
  year={2014},
  publisher={American Psychological Association},
  doi = {10.1037/a0036731}
}


@article{vandeschoot2017systematic,
  title={A systematic review of {B}ayesian articles in psychology: The last 25 years.},
  author={{van de Schoot}, Rens and Winter, Sonja D and Ryan, Ois{\'{i}}n and Zondervan-Zwijnenburg, Mari{\"{e}}lle and Depaoli, Sarah},
  journal={Psychological Methods},
  volume={22},
  number={2},
  pages={217--239},
  year={2017},
  doi = {10.1037/met0000100}
}


@ARTICLE{vandenbergh2019how,
  AUTHOR =       {{van den Bergh}, D. and {van Doorn}, J. and Marsman, Maarten and Draws, T. and {van Kesteren}, E.J. and Derks, K. and Gronau, Q. F. and Kucharsk\'{y}, S. and Raj, A. K. N. and Sarafoglou, A. and Voelkel, J. G. and Stefan, A. and Ly, A. and Boehm, U. and Hinne, M. and Matzke, D. and Wagenmakers, E.--J.},
  TITLE =        {How to interpret the output of a {B}ayesian {ANOVA} in {JASP}},
  JOURNAL =      {PsyArXiV},
  YEAR =         {2019},
  doi=		{10.31234/osf.io/spreb},
  volume={},
  number={},
  pages={}  
}


@article{rouder2009bayesian,
	Author = {Rouder, J. N. and Speckman, Paul L and Sun, Dongchu and Morey, Richard D and Iverson, Geoffrey},
	Journal = {Psychonomic Bulletin \& Review},
	Number = {2},
	Pages = {225--237},
	Publisher = {Springer},
	Title = {Bayesian \( t \)-tests for accepting and rejecting the null hypothesis},
	Volume = {16},
	Year = {2009},
	doi = {10.3758/pbr.16.2.225}
}


@article{rouder2012defaultRegression,
  title={Default {B}ayes factors for model selection in regression},
  author={Rouder, J. N. and Morey, Richard D},
  journal={Multivariate Behavioral Research},
  volume={47},
  number={6},
  pages={877--903},
  year={2012},
  publisher={Taylor \& Francis},
  doi = {10.1080/00273171.2012.734737}

}

@article{rouder2012defaultAnova,
  title={Default {B}ayes factors for {ANOVA} designs},
  author={Rouder, J. N. and Morey, Richard D and Speckman, Paul L and Province, Jordan M},
  journal={Journal of Mathematical Psychology},
  volume={56},
  number={5},
  pages={356--374},
  year={2012},
  publisher={Elsevier},
  doi = {10.1016/j.jmp.2012.08.001}
}


@ARTICLE{rouder2014optional,
  AUTHOR =       {Rouder, J. N.},
  TITLE =        {Optional Stopping: {N}o Problem for {B}ayesians},
  JOURNAL =      {Psychonomic Bulletin \& Review},
  YEAR =         {2014},
  volume =       {21},
  pages =        {301--308},
  doi = {10.3758/s13423-014-0595-4}
}


@article{giollaInpresswhat,
	doi = {10.1111/lcrp.12162},
	url = {https://doi.org/10.1111/lcrp.12162},
	year = 2019,
	month = {dec},
	publisher = {Wiley},
	author = {Mac Giolla, Erik and Ly, Alexander},
	title = {What to do with all these {B}ayes factors: {H}ow to make Bayesian reports in deception research more informative},
	journal = {Legal and Criminological Psychology}
}


@article{ly2019replication,
  title={Replication {B}ayes factors from evidence updating},
  author={Ly, Alexander and Etz, Alexander and Marsman, Maarten and Wagenmakers, Eric-Jan},
  journal={Behavior Research Methods},
  volume={51},
  number={6},
  year={2019},
  pages={2498--2508},
  doi={10.3758/s13428-018-1092-x}
}

@BOOK{jeffreys1939theory1,
  AUTHOR =       {Jeffreys, Harold},
  TITLE =        {Theory of Probability},
  PUBLISHER =    {Oxford University Press},
  YEAR =         {1939},
  address =      {Oxford, UK},
  edition =      {1st}
}


@book{jeffreys1961,
	Address = {Oxford, UK},
	Author = {Jeffreys, Harold},
	Edition = {3rd},
	Publisher = {Oxford University Press},
	Title = {Theory of Probability},
	Year = {1961}
}


@MISC{jaspSoftware,
  AUTHOR =  {{JASP Team}},
  TITLE =        {{JASP (Version 0.11.1.0)[Computer software]}},
  YEAR =         {2019},
  URL =          {https://jasp-stats.org/}
}


@article{gronau2019,
	doi = {10.1080/00031305.2018.1562983},
	url = {https://doi.org/10.1080/00031305.2018.1562983},
	year = 2019,
	month = {may},
	publisher = {Informa {UK} Limited},
	pages = {1--14},
	author = {Quentin F. Gronau and Alexander Ly and Eric-Jan Wagenmakers},
	title = {Informed {B}ayesian \( t \)-Tests},
	journal = {The American Statistician}
}


@misc{bas,
    title = {{BAS}: Bayesian Variable Selection and Model Averaging using Bayesian
Adaptive Sampling},
    author = {Clyde, Merlise A},
    year = {2020},
    note = {R package version 1.5.5},
    url = {https://cran.r-project.org/web/packages/BAS/index.html}
}


@article{berger1987testing,
  title={Testing precise hypotheses},
  author={Berger, James O and Delampady, Mohan},
  journal={Statistical Science},
  pages={317--335},
  year={1987},
  publisher={JSTOR},
  doi = {10.1214/ss/1177013238}
}


@article{haaf2019,
	doi = {10.1038/d41586-019-00972-7},
	url = {https://doi.org/10.1038/d41586-019-00972-7},
	year = 2019,
	month = {mar},
	publisher = {Springer Science and Business Media {LLC}},
	volume = {567},
	number = {7749},
	pages = {461--461},
	author = {Julia M. Haaf and Alexander Ly and Eric-Jan Wagenmakers},
	title = {Retire significance, but still test hypotheses},
	journal = {Nature}
}

@INCOLLECTION{WagenmakersEtAlPredictiveIrrelevancesubm,
  AUTHOR =       {Wagenmakers, E.--J. and Lee, M. D. and Rouder, J. N. and Morey, R. D.},
  editor =       {Gruber, C.},
  booktitle =    {The Theory of Statistics in Psychology -- Applications, Use and Misunderstandings},
  title =        {The Principle of Predictive Irrelevance, or Why Intervals Should not be Used for Model Comparison Featuring a Point Null Hypothesis},
  PUBLISHER =    {Springer},
  pubstate =     {in press},
  address =      {New York},
}

@article{rozeboom1960,
	doi = {10.1037/h0042040},
	url = {https://doi.org/10.1037/h0042040},
	year = 1960,
	month = {sep},
	publisher = {American Psychological Association ({APA})},
	volume = {57},
	number = {5},
	pages = {416--428},
	author = {William W. Rozeboom},
	title = {The fallacy of the null-hypothesis significance test.},
	journal = {Psychological Bulletin}
}

@book{field2012discovering,
  title={Discovering statistics using {R}},
  author={Field, Andy and Miles, Jeremy and Field, Zo{\"e}},
  year={2012},
  publisher={SAGE Publications Ltd.},
  address={London}
}


@book{christensen2011plane,
	doi = {10.1007/978-1-4757-1951-2},
	url = {https://doi.org/10.1007/978-1-4757-1951-2},
	year = 1987,
	publisher = {Springer New York},
	author = {Ronald Christensen},
	title = {Plane Answers to Complex Questions: {T}he theory of linear models}
}

@article{doorn2019jaspguidelines,
 author={{van Doorn}, Johnny and {van den Bergh}, Don and Bohm, Udo and Dablander, Fabian and Derks, Koen and Draws, Tim and Etz, Alexander and Evans, Nathan J and Gronau, Quentin F and Hinne, Max and Kucharsky, Simon and Ly, Alexander and Marsman, Maarten and Matzke, Dora and Komarlu Narendra Gupta, Akash R. and Sarafoglou, Alexandra and Stefan, Angelika and Voelkel, Jan G. and Wagenmakers, Eric-Jan}, 
 title={The {JASP} Guidelines for Conducting and Reporting a Bayesian Analysis},
 url={psyarxiv.com/yqxfr},
 DOI={10.31234/osf.io/yqxfr},
 journal={PsyArXiv},
 year={2019}
}

@misc{hinneBMA,
 title={A conceptual introduction to Bayesian model averaging},
 url={psyarxiv.com/pfynb},
 DOI={10.31234/osf.io/pfynb},
 publisher={PsyArXiv},
 author={Hinne, Max and Gronau, Quentin F and {van den Bergh}, Don and Wagenmakers, Eric-Jan},
 year={2019},
 month={Sep}
}

@Article{moyer1967,
  author       = {Moyer, Robert S. and Landauer, Thomas K.},
  title	       = {Time required for Judgements of Numerical Inequality},
  year	       = 1967,
  volume       = 215,
  number       = 5109,
  month	       = {Sep},
  pages	       = {1519–1520},
  issn	       = {1476-4687},
  doi	       = {10.1038/2151519a0},
  url	       = {http://dx.doi.org/10.1038/2151519a0},
  journal      = {Nature},
  publisher    = {Springer Nature}
}



@article{vergutsDeMoor2005,
	doi = {10.1027/1618-3169.52.3.195},
	url = {http://dx.doi.org/10.1027/1618-3169.52.3.195},
	year = 2005,
	publisher = {Hogrefe {\&} Huber},
	volume = {52},
	number = {3},
	pages = {195--200},
	author = {Verguts, Tom and De Moor, Wendy},
	title = {Two-digit Comparison: {D}ecomposed, holistic, or hybrid?},
	journal = {Experimental {P}sychology}
}

@article{lorch1990,
	doi = {10.1037/0278-7393.16.1.149},
	year = 1990,
	journal = {Journal of Experimental Psychology: Learning, Memory, and Cognition},
	volume = {16},
	number = {1},
	pages = {149--157},
	author = {Robert F. Lorch and Jerome L. Myers},
	title = {Regression analyses of repeated measures data in cognitive research.}
}

@Article{wagenmakers2010,
  author       = {Wagenmakers, Eric-Jan and Lodewyckx, Tom and
                  Kuriyal, Himanshu and Grasman, Raoul},
  title	       = {Bayesian hypothesis testing for psychologists: A
                  tutorial on the {S}avage–{D}ickey method},
  year	       = 2010,
  volume       = 60,
  number       = 3,
  month	       = {May},
  pages	       = {158--189},
  issn	       = {0010-0285},
  doi	       = {10.1016/j.cogpsych.2009.12.001},
  url	       = {http://dx.doi.org/10.1016/j.cogpsych.2009.12.001},
  journal      = {Cognitive Psychology},
  publisher    = {Elsevier BV}
}

@article{campbellFugelsang2001,
	doi = {10.1016/s0010-0277(01)00115-9},
	url = {https://doi.org/10.1016/s0010-0277(01)00115-9},
	year = 2001,
	publisher = {Elsevier {BV}},
	volume = {80},
	number = {3},
	pages = {B21--B30},
	author = {Jamie I. D. Campbell and Jonathan Fugelsang},
	title = {Strategy choice for arithmetic verification: {E}ffects of numerical surface form},
	journal = {Cognition}
}

@article{wagenmakers2007,
	doi = {10.3758/bf03194105},
	year = 2007,
	publisher = {Springer Nature},
	volume = {14},
	number = {5},
	pages = {779--804},
	author = {Eric-Jan Wagenmakers},
	title = {A practical solution to the pervasive problems of $p$ values},
	journal = {Psychonomic {B}ulletin {\&} {R}eview}
}

@Article{kass1995,
  author       = {Kass, Robert E. and Raftery, Adrian E.},
  title	       = {Bayes Factors},
  year	       = 1995,
  volume       = 90,
  number       = 430,
  month	       = {Jun},
  pages	       = {773--795},
  issn	       = {1537-274X},
  doi	       = {10.1080/01621459.1995.10476572},
  url	       = {http://dx.doi.org/10.1080/01621459.1995.10476572},
  journal      = {Journal of the American Statistical Association},
  publisher    = {Informa UK Limited}
}


@article{hollowayAnsari2009,
author	=	{Holloway, I. D. and Ansari, D.},
year	=	{2009},
title	=	{Mapping numerical magnitudes onto symbols: The numerical distance effect and individual differences in children's mathematics achievement},
journal	=	{Journal of Experimental Child Psychology},
volume	=	{103},
number	=	{1},
pages	=	{17--29},
doi	=	{10.1016/j.jecp.2008.04.001},
url={http://dx.doi.org/10.1016/j.jecp.2008.04.001}
}

@article{dehaeneCohen1995,
  title={Towards an anatomical and functional model of number processing},
  author={Dehaene, Stanislas and Cohen, Laurent},
  journal={Mathematical Cognition},
  volume={1},
  number={1},
  pages={83--120},
  year={1995}
}

